<?xml version="1.0" encoding="UTF-8"?><record xmlns="http://www.loc.gov/MARC21/slim" xmlns:cinclude="http://apache.org/cocoon/include/1.0" xmlns:zs="http://www.loc.gov/zing/srw/">
  <leader>01752cz  a2200361n  4500</leader>
  <controlfield tag="001">n  88643688 </controlfield>
  <controlfield tag="003">DLC</controlfield>
  <controlfield tag="005">20030709092529.0</controlfield>
  <controlfield tag="008">880614n| acaaaaaan          |a ana     c</controlfield>
  <datafield tag="010" ind1=" " ind2=" ">
    <subfield code="a">n  88643688 </subfield>
  </datafield>
  <datafield tag="035" ind1=" " ind2=" ">
    <subfield code="a">(OCoLC)oca02300370</subfield>
  </datafield>
  <datafield tag="040" ind1=" " ind2=" ">
    <subfield code="a">DGPO</subfield>
    <subfield code="c">DLC</subfield>
    <subfield code="d">DLC</subfield>
    <subfield code="d">MCM</subfield>
  </datafield>
  <datafield tag="050" ind1=" " ind2="0">
    <subfield code="a">QE75</subfield>
    <subfield code="b">.P9</subfield>
    <subfield code="d">560-A</subfield>
  </datafield>
  <datafield tag="130" ind1=" " ind2="0">
    <subfield code="a">U.S. Geological Survey professional paper</subfield>
  </datafield>
  <datafield tag="410" ind1="2" ind2=" ">
    <subfield code="a">Geological Survey (U.S.).</subfield>
    <subfield code="t">U.S. Geological Survey professional paper</subfield>
  </datafield>
  <datafield tag="430" ind1=" " ind2="0">
    <subfield code="a">US Geological Survey professional paper</subfield>
  </datafield>
  <datafield tag="430" ind1=" " ind2="0">
    <subfield code="a">United States Geological Survey professional paper</subfield>
  </datafield>
  <datafield tag="430" ind1=" " ind2="0">
    <subfield code="a">Geological Survey professional paper (1984)</subfield>
  </datafield>
  <datafield tag="430" ind1=" " ind2="0">
    <subfield code="a">Professional paper (Geological Survey (U.S.) : 1984)</subfield>
  </datafield>
  <datafield tag="530" ind1=" " ind2="0">
    <subfield code="w">a</subfield>
    <subfield code="a">Geological Survey professional paper</subfield>
  </datafield>
  <datafield tag="640" ind1="1" ind2=" ">
    <subfield code="a">Begins with 1300</subfield>
  </datafield>
  <datafield tag="640" ind1="1" ind2=" ">
    <subfield code="a">Vol. 560-A published 1989 as addition to multipart item first published 1966 in series: Geological Survey professional paper</subfield>
  </datafield>
  <datafield tag="642" ind1=" " ind2=" ">
    <subfield code="a">1302</subfield>
    <subfield code="5">DPCC</subfield>
    <subfield code="5">DLC</subfield>
    <subfield code="5">DGPO</subfield>
  </datafield>
  <datafield tag="643" ind1=" " ind2=" ">
    <subfield code="a">Washington</subfield>
    <subfield code="b">U.S. G.P.O.</subfield>
  </datafield>
  <datafield tag="644" ind1=" " ind2=" ">
    <subfield code="a">f</subfield>
    <subfield code="5">DLC</subfield>
    <subfield code="5">DGPO</subfield>
  </datafield>
  <datafield tag="645" ind1=" " ind2=" ">
    <subfield code="a">t</subfield>
    <subfield code="5">DPCC</subfield>
    <subfield code="5">DLC</subfield>
    <subfield code="5">DGPO</subfield>
  </datafield>
  <datafield tag="646" ind1=" " ind2=" ">
    <subfield code="a">s</subfield>
    <subfield code="d">1300-</subfield>
    <subfield code="5">DLC</subfield>
    <subfield code="5">DGPO</subfield>
  </datafield>
  <datafield tag="646" ind1=" " ind2=" ">
    <subfield code="a">m</subfield>
    <subfield code="d">560-A</subfield>
    <subfield code="5">DLC</subfield>
  </datafield>
  <datafield tag="667" ind1=" " ind2=" ">
    <subfield code="a">Document.</subfield>
  </datafield>
  <datafield tag="667" ind1=" " ind2=" ">
    <subfield code="a">Title flip-flops between Geological Survey professional paper and U.S. Geological Survey professional paper but as of 1300 is more consistently given in latter form; 1299 chosen as cut-off for earlier title in consultation with Dept. of Interior Library.</subfield>
  </datafield>
  <datafield tag="670" ind1=" " ind2=" ">
    <subfield code="a">Miller, J.E. Basic concepts of kinematic-wave models, 1984:</subfield>
    <subfield code="b">t.p.</subfield>
  </datafield>
  <datafield tag="670" ind1=" " ind2=" ">
    <subfield code="a">First-principles calibration of Âłâ¸Ar tracers, 2000:</subfield>
    <subfield code="b">t.p. (Professional paper) p. 4 of cover (U.S. Geological Survey professional paper)</subfield>
  </datafield>
  <datafield tag="675" ind1=" " ind2=" ">
    <subfield code="a">Oilspill risk analysis model of ... 1981: t.p. (Geological Survey professional paper)</subfield>
  </datafield>
</record>